

@article{Berne2002,
	author = {Hetényi, Balázs and Bernacki, Katarzyna and Berne, B. J.},
	title = "{Multiple “time step” Monte Carlo}",
	journal = {The Journal of Chemical Physics},
	volume = {117},
	number = {18},
	pages = {8203-8207},
	year = {2002},
	month = {10},
	issn = {0021-9606},
	doi = {10.1063/1.1512645},
	url = {https://doi.org/10.1063/1.1512645},
	eprint = {https://pubs.aip.org/aip/jcp/article-pdf/117/18/8203/10843482/8203\_1\_online.pdf},
}

@article{Li1994,
    author = {Li, Xiao‐Jian and Chiew, Yee C.},
    title = "{Monte Carlo simulation of Lennard‐Jones chains}",
    journal = {The Journal of Chemical Physics},
    volume = {101},
    number = {3},
    pages = {2522-2531},
    year = {1994},
    month = {08},
    issn = {0021-9606},
    doi = {10.1063/1.467691},
    url = {https://doi.org/10.1063/1.467691},
    eprint = {https://pubs.aip.org/aip/jcp/article-pdf/101/3/2522/10774652/2522\_1\_online.pdf},
}




@article{Rao1979,
	author = { M.   Rao  and  C.   Pangali  and  B.J.   Berne },
	title = {On the force bias Monte Carlo simulation of water: methodology, optimization and comparison with molecular dynamics},
	journal = {Molecular Physics},
	volume = {37},
	number = {6},
	pages = {1773-1798},
	year  = {1979},
	publisher = {Taylor & Francis},
	doi = {10.1080/00268977900101321},
	
	URL = {https://doi.org/10.1080/00268977900101321},
	eprint = {https://doi.org/10.1080/00268977900101321}
	
}

